<?xml version="1.0" encoding="UTF-8"?><collection xmlns="http://www.loc.gov/MARC21/slim"><record><leader>00378nam--2200133-i-4500</leader><controlfield tag="001">000035363</controlfield><controlfield tag="002">20161230</controlfield><controlfield tag="005">20161230201040</controlfield><controlfield tag="008">060222s1000------------r-----000-0-eng-d</controlfield><datafield ind1=" " ind2=" " tag="080"><subfield code="a">546</subfield></datafield><datafield ind1=" " ind2=" " tag="100"><subfield code="a">Oertel, Paul Leonard</subfield></datafield><datafield ind1=" " ind2=" " tag="245"><subfield code="a">The conductivities of solutions of divalent metals in ammonia. thesis</subfield></datafield><datafield ind1=" " ind2=" " tag="260"><subfield code="a">Ann Arbor, Univ.Microfilms Inc., 1967, V + 104p</subfield></datafield><datafield ind1=" " ind2=" " tag="852"><subfield code="a">30577</subfield></datafield></record></collection>